
%% This BibTeX bibliography file was created using BibDesk.
%% https://bibdesk.sourceforge.io/

%% Created for Michael Franke at 2023-04-28 16:08:41 +0200


%% Saved with string encoding Unicode (UTF-8)


@preamble{"\newcommand{\SortNoop}[1]{}"}

@article{Zollman2013:Network-Epistem,
	author = {Zollman, Kevin J.S.},
	journal = {Philosophy Compass},
	number = {1},
	pages = {15-27},
	title = {Network Epistemology: Communication in Epistemic Communities},
	volume = {8},
	year = {2013}}
@inproceedings{sumers2021learning,
	title={Learning rewards from linguistic feedback},
	author={Sumers, Theodore R and Ho, Mark K and Hawkins, Robert D and Narasimhan, Karthik and Griffiths, Thomas L},
	booktitle={Proceedings of the AAAI Conference on Artificial Intelligence},
	volume={35},
	number={7},
	pages={6002--6010},
	year={2021}
}
@article{burnett2019signalling,
	title={Signalling games, sociolinguistic variation and the construction of style},
	author={Burnett, Heather},
	journal={Linguistics and Philosophy},
	volume={42},
	pages={419--450},
	year={2019},
	publisher={Springer}
}
@inproceedings{beltrama2021imprecision,
	title={Imprecision, personae, and pragmatic reasoning},
	author={Beltrama, Andrea and Schwarz, Florian},
	booktitle={Semantics and linguistic theory},
	pages={122--144},
	year={2021}
}
@misc{liu2024largelanguagemodelsnavigate,
	title={How do Large Language Models Navigate Conflicts between Honesty and Helpfulness?}, 
	author={Ryan Liu and Theodore R. Sumers and Ishita Dasgupta and Thomas L. Griffiths},
	year={2024},
	eprint={2402.07282},
	archivePrefix={arXiv},
	primaryClass={cs.CL},
	url={https://arxiv.org/abs/2402.07282}, 
}